@misc{webpage_ref,
  title = {Negamax Algorithm},
  author = {{Wikipedia contributors}},
  howpublished = {\url{https://en.wikipedia.org/wiki/Negamax}},
  note = {Accessed: 2025-10-03},
  year = {2023}
}
